<?xml version="1.0" encoding="UTF-8"?><record xmlns="http://www.loc.gov/MARC21/slim" xmlns:cinclude="http://apache.org/cocoon/include/1.0" xmlns:zs="http://www.loc.gov/zing/srw/">
  <leader>00393cz  a2200133n  4500</leader>
  <controlfield tag="001">n  95025560 </controlfield>
  <controlfield tag="003">DLC</controlfield>
  <controlfield tag="005">19971209165518.4</controlfield>
  <controlfield tag="008">950316n| acannaab|          |n aaa |||  </controlfield>
  <datafield tag="010" ind1=" " ind2=" ">
    <subfield code="a">n  95025560 </subfield>
  </datafield>
  <datafield tag="040" ind1=" " ind2=" ">
    <subfield code="a">DLC</subfield>
    <subfield code="c">DLC</subfield>
    <subfield code="d">DLC</subfield>
  </datafield>
  <datafield tag="100" ind1="1" ind2="0">
    <subfield code="a">Freeman, Suzanne</subfield>
    <subfield code="q">(Suzanne T.)</subfield>
  </datafield>
  <datafield tag="670" ind1=" " ind2=" ">
    <subfield code="a">The cuckoo's child, c1996:</subfield>
    <subfield code="b">CIP t.p. (Suzanne Freeman)</subfield>
  </datafield>
  <datafield tag="670" ind1=" " ind2=" ">
    <subfield code="a">Phone call to pub., 03-15-95</subfield>
    <subfield code="b">(Suzanne T. Freeman)</subfield>
  </datafield>
</record>